<?xml version="1.0" encoding="UTF-8"?><collection xmlns="http://www.loc.gov/MARC21/slim"><record><leader>00415nam--2200121-i-4500</leader><controlfield tag="001">000007194</controlfield><controlfield tag="002">20161230</controlfield><controlfield tag="005">20161230201027</controlfield><controlfield tag="008">060222s1000------------r-----000-0-eng-d</controlfield><datafield ind1=" " ind2=" " tag="080"><subfield code="a">..</subfield></datafield><datafield ind1=" " ind2=" " tag="245"><subfield code="a">The c.n.a.(canadian nuclear association) conference on canada s role in a world of expanding nuclear industry ,toronto,canada, may 25-27,1964</subfield></datafield><datafield ind1=" " ind2=" " tag="260"><subfield code="a">Toronto,Canadian Nuclear Association,1964. Pag.Dif</subfield></datafield><datafield ind1=" " ind2=" " tag="852"><subfield code="a">21664</subfield></datafield></record></collection>